@misc{Nobody06,
  author = {Nobody Jr},
  title  = {My Article},
  year   = {2006}
}
@misc{qwf,
  author = {Nobody Jr},
  title  = {My Article},
  year   = {2006}
}
@online{medvedev2006jelektronnye,
  title={qwf},
  author={qwf},
  journal={qwfqwf},
  number={12},
  pages={124--134},
  year={2006},
  medium={qwf},
  url = {http://www.kit-e.ru/articles/elcomp/2006\_12\_124.php},
  urldate = {19.01.2015},
  language = {russian}
}
